


@book {Ambrosio2005,
    AUTHOR = {Ambrosio, Luigi and Gigli, Nicola and Savar\'e, Giuseppe},
     TITLE = {Gradient flows in metric spaces and in the space of
              probability measures},
    SERIES = {Lectures in Mathematics ETH Z\"urich},
 PUBLISHER = {Birkh\"auser Verlag, Basel},
      YEAR = {2005},
     PAGES = {viii+333},
      ISBN = {978-3-7643-2428-5; 3-7643-2428-7},
   MRCLASS = {49-02 (28A33 35K55 35K90 49Q20 60B10)},
  MRNUMBER = {2129498},
}

@article {Otto1998,
    AUTHOR = {Jordan, Richard and Kinderlehrer, David and Otto, Felix},
     TITLE = {The variational formulation of the {F}okker-{P}lanck equation},
   JOURNAL = {SIAM J. Math. Anal.},
  FJOURNAL = {SIAM Journal on Mathematical Analysis},
    VOLUME = {29},
      YEAR = {1998},
    NUMBER = {1},
     PAGES = {1--17},
      ISSN = {0036-1410,1095-7154},
   MRCLASS = {35Q99 (35A15 49J99 60J60 82C31)},
  MRNUMBER = {1617171},
MRREVIEWER = {Thierry\ Goudon},
       DOI = {10.1137/S0036141096303359},
       URL = {https://doi.org/10.1137/S0036141096303359},
}

@article {Santambrogio2017,
    AUTHOR = {Santambrogio, Filippo},
     TITLE = {\{{E}uclidean, metric, and {W}asserstein\} gradient flows: an
              overview},
   JOURNAL = {Bull. Math. Sci.},
  FJOURNAL = {Bulletin of Mathematical Sciences},
    VOLUME = {7},
      YEAR = {2017},
    NUMBER = {1},
     PAGES = {87--154},
      ISSN = {1664-3607,1664-3615},
   MRCLASS = {34G25 (35Q84 49J45 49M29 49Q20)},
  MRNUMBER = {3625852},
MRREVIEWER = {Beno\^it\ Kloeckner},
       DOI = {10.1007/s13373-017-0101-1},
       URL = {https://doi.org/10.1007/s13373-017-0101-1},
}


@misc {Ball2024,
    AUTHOR = {Ball, John},
    TITLE = {Lecture notes: Gradient Flows},
    % month         = {November},
    year          = {2024},
    publisher={SMSTC}
}

% @misc{mongeImage,
%   author       = "{Wikimedia Commons contributors}",
%   title        = "{Gaspard Monge lithograph by Delpech}",
%   year         = {2024},
%   url          = "https://upload.wikimedia.org/wikipedia/commons/8/8f/Gaspard_monge_litho_delpech.jpg",
%   note         = "[Accessed on 2024-12-10]",
%   keywords     = {image}
% }

% @misc{kantorovichImage,
%   author       = "{Wikimedia Commons contributors}",
%   title        = "{Leonid Kantorovich, 1975}",
%   year         = {2024},
%   url          = "https://upload.wikimedia.org/wikipedia/commons/f/f4/Leonid_Kantorovich_1975.jpg",
%   note         = "[Accessed on 2024-12-10]",
%   keywords     = {image}
% }

@misc{candleImage,
  author       = "{Wikimedia Commons contributors}",
  title        = "{a candle (eine Kerze)}",
  year         = {2006},
  url          = "https://upload.wikimedia.org/wikipedia/commons/4/4b/Candle.jpg",
  note         = "[Accessed on 2024-12-15]",
  keywords     = {image}
}
